<record><leader>00000cas a2200000 a 4500</leader><controlfield tag="001">27688717</controlfield><controlfield tag="008">930308d19uu19uumauwr ne      0    0pol c</controlfield><datafield ind1=" " ind2=" " tag="010"><subfield code="a">sn 93058757 </subfield></datafield><datafield ind1=" " ind2=" " tag="040"><subfield code="a">MGN</subfield><subfield code="b">eng</subfield><subfield code="c">MGN</subfield><subfield code="d">CVF</subfield><subfield code="d">PHA</subfield><subfield code="d">OCLCQ</subfield><subfield code="d">OCLCF</subfield><subfield code="d">OCLCO</subfield></datafield><datafield ind1="1" ind2=" " tag="029"><subfield code="a">AU@</subfield><subfield code="b">000020725049</subfield></datafield><datafield ind1=" " ind2=" " tag="042"><subfield code="a">pcc</subfield></datafield><datafield ind1=" " ind2=" " tag="043"><subfield code="a">n-us-ma</subfield></datafield><datafield ind1="0" ind2=" " tag="130"><subfield code="a">Gwiazda (Holyoke, Mass.)</subfield></datafield><datafield ind1="1" ind2="0" tag="245"><subfield code="a">Gwiazda =</subfield><subfield code="b">The Polish weekly star.</subfield></datafield><datafield ind1="3" ind2="1" tag="246"><subfield code="a">Polish weekly star</subfield></datafield><datafield ind1=" " ind2=" " tag="260"><subfield code="a">Holyoke, Mass. :</subfield><subfield code="b">Stanis&#322;aw Walczak</subfield></datafield><datafield ind1=" " ind2=" " tag="300"><subfield code="a">v.</subfield></datafield><datafield ind1=" " ind2=" " tag="310"><subfield code="a">Weekly</subfield></datafield><datafield ind1=" " ind2=" " tag="546"><subfield code="a">In Polish.</subfield></datafield><datafield ind1=" " ind2=" " tag="588"><subfield code="a">Description based on: Rok. 13, no. 15 (13 kwiec., 1935).</subfield></datafield><datafield ind1=" " ind2="0" tag="650"><subfield code="a">Polish people</subfield><subfield code="z">New England</subfield><subfield code="v">Newspapers.</subfield></datafield><datafield ind1=" " ind2="0" tag="650"><subfield code="a">Polish Americans</subfield><subfield code="z">New England</subfield><subfield code="v">Newspapers.</subfield></datafield><datafield ind1=" " ind2="0" tag="651"><subfield code="a">Holyoke (Mass.)</subfield><subfield code="v">Newspapers.</subfield></datafield><datafield ind1=" " ind2="7" tag="655"><subfield code="a">Newspapers.</subfield><subfield code="2">fast</subfield><subfield code="0">(OCoLC)fst01423814</subfield></datafield><datafield ind1=" " ind2="7" tag="650"><subfield code="a">Polish Americans.</subfield><subfield code="2">fast</subfield><subfield code="0">(OCoLC)fst01068870</subfield></datafield><datafield ind1=" " ind2="7" tag="650"><subfield code="a">Polish people.</subfield><subfield code="2">fast</subfield><subfield code="0">(OCoLC)fst01715992</subfield></datafield><datafield ind1=" " ind2="7" tag="651"><subfield code="a">Massachusetts</subfield><subfield code="z">Holyoke.</subfield><subfield code="2">fast</subfield><subfield code="0">(OCoLC)fst01218308</subfield></datafield><datafield ind1=" " ind2="7" tag="651"><subfield code="a">New England.</subfield><subfield code="2">fast</subfield><subfield code="0">(OCoLC)fst01241913</subfield></datafield><datafield ind1=" " ind2=" " tag="752"><subfield code="a">United States</subfield><subfield code="b">Massachusetts</subfield><subfield code="c">Hampden</subfield><subfield code="d">Holyoke.</subfield></datafield></record>